@inproceedings{Ribeiro2016WhyClassifier,
    title = {{"Why Should I Trust You?": Explaining the Predictions of Any Classifier}},
    year = {2016},
    booktitle = {International Conference on Knowledge Discovery and Data Mining},
    author = {Ribeiro, Marco Tulio and Singh, Sameer and Guestrin, Carlos},
    pages = {1135--1144},
    publisher = {ACM Press},
    address = {New York},
    isbn = {9781450342322},
    doi = {10.1145/2939672.2939778}
}

@article{Ho2002AConstructors,
    title = {{A Data Complexity Analysis of Comparative Advantages of Decision Forest Constructors}},
    year = {2002},
    journal = {Pattern Analysis {\&} Applications},
    author = {Ho, Tin Kam},
    number = {2},
    month = {6},
    pages = {102--112},
    volume = {5},
    publisher = {Springer-Verlag London Limited},
    doi = {10.1007/s100440200009}
}

@article{Domingos2012ALearning,
    title = {{A few useful things to know about machine learning}},
    year = {2012},
    journal = {Communications of the ACM},
    author = {Domingos, Pedro},
    number = {10},
    month = {10},
    pages = {78},
    volume = {55},
    doi = {10.1145/2347736.2347755}
}

@book{deBoor2006ASplines,
    title = {{A Practical Guide to Splines}},
    year = {2006},
    booktitle = {Mathematics of Computation},
    author = {de Boor, Carl},
    publisher = {Springer-Verlag},
    address = {New York},
    doi = {10.2307/2006241}
}

@inproceedings{Kingston2004AModelling,
    title = {{A Statistical Input Pruning Method for Artificial Neural Networks Used in Environmental Modelling}},
    year = {2004},
    booktitle = {International Congress on Ecological Modeling Software},
    author = {Kingston, G B and Maier, Holger R and Lambert, M F},
    volume = {34},
    keywords = {Artificial neural networks, Bayesian, Environmental modelling, Input selection, Pruning}
}

@misc{Stanford2019AProbability,
    title = {{A Titanic Probability}},
    year = {2019},
    booktitle = {Stanford},
    author = {{Stanford}},
    url = {web.stanford.edu/class/cs109/titanic.html}
}

@article{Kingma2014Adam:Optimization,
    title = {{Adam: A Method for Stochastic Optimization}},
    year = {2014},
    journal = {International Conference on Learning Representations},
    author = {Kingma, Diederik P. and Ba, Jimmy},
    month = {12},
    arxivId = {1412.6980}
}

@article{Ozesmi1999AnInteraction,
    title = {{An artificial neural network approach to spatial habitat modelling with interspecific interaction}},
    year = {1999},
    journal = {Ecological Modelling},
    author = {{\"{O}}zesmi, Stacy L and {\"{O}}zesmi, Uygar},
    number = {1},
    month = {3},
    pages = {15--31},
    volume = {116},
    publisher = {Elsevier},
    doi = {10.1016/S0304-3800(98)00149-5}
}

@article{Pelka2018AnnotationNetworks,
    title = {{Annotation of enhanced radiographs for medical image retrieval with deep convolutional neural networks}},
    year = {2018},
    journal = {PloS one},
    author = {Pelka, Obioma and Nensa, Felix and Friedrich, Christoph M.},
    number = {11},
    volume = {13},
    publisher = {NLM (Medline)},
    doi = {10.1371/journal.pone.0206229}
}

@article{Baldi2012AutoencodersArchitectures,
    title = {{Autoencoders, Unsupervised Learning, and Deep Architectures}},
    year = {2012},
    journal = {Proceedings of Machine Learning Research},
    author = {Baldi, Pierre},
    pages = {37--49},
    volume = {27},
    publisher = {PMLR},
    keywords = {autoencoders, boolean, clustering, complexity, compression, deep architectures, hebbian learning, information theory, principal com-ponent analysis, unsupervised learning}
}

@article{Chilson2019AutomatedNetworks,
    title = {{Automated detection of bird roosts using NEXRAD radar data and Convolutional Neural Networks}},
    year = {2019},
    journal = {Remote Sensing in Ecology and Conservation},
    author = {Chilson, Carmen and Avery, Katherine and McGovern, Amy and Bridge, Eli and Sheldon, Daniel and Kelly, Jeffrey},
    editor = {Horning, Ned and Liu, Xuehua},
    number = {1},
    month = {3},
    pages = {20--32},
    volume = {5},
    publisher = {John Wiley {\&} Sons, Ltd},
    doi = {10.1002/rse2.92},
    keywords = {Aeroecology, bird roosts, deep learning, machine learning}
}

@inproceedings{Paszke2017AutomaticPyTorch,
    title = {{Automatic differentiation in PyTorch}},
    year = {2017},
    booktitle = {NIPS-W},
    author = {Paszke, Adam and Gross, Sam and Chintala, Soumith and Chanan, Gregory and Yang, Edward and DeVito, Zachary and Lin, Zeming and Desmaison, Alban and Antiga, Luca and Lerer, Adam}
}

@book{Breiman1984ClassificationTrees,
    title = {{Classification and regression trees}},
    year = {1984},
    booktitle = {Classification and Regression Trees},
    author = {Breiman, Leo and Friedman, Jerome H. and Olshen, Richard A. and Stone, Charles J.},
    month = {1},
    pages = {1--358},
    publisher = {CRC Press},
    isbn = {9781351460491},
    doi = {10.1201/9781315139470}
}

@misc{Gupta2019DecisionLearning,
    title = {{Decision Trees in Machine Learning}},
    year = {2019},
    booktitle = {Towards Data Science},
    author = {Gupta, Prashant}
}

@inproceedings{Glorot2011DeepNetworks,
    title = {{Deep Sparse Rectifier Neural Networks}},
    year = {2011},
    booktitle = {Proceedings of the Fourteenth International Conference on Artificial Intelligence and Statistics},
    author = {Glorot, Xavier and Bordes, Antoine and Bengio, Yoshua},
    editor = {Gordon, Geoffrey and Dunson, David and Dud{\'{i}}k, Miroslav},
    month = {4},
    pages = {315--323},
    series = {Proceedings of Machine Learning Research},
    volume = {15},
    publisher = {PMLR},
    address = {Fort Lauderdale, FL, USA}
}

@article{Srivastava2014Dropout:Overfitting,
    title = {{Dropout: A Simple Way to Prevent Neural Networks from Overfitting}},
    year = {2014},
    journal = {Journal of Machine Learning Research},
    author = {Srivastava, Nitish and Hinton, Geoffrey and Krizhevsky, Alex and Salakhutdinov, Ruslan},
    pages = {1929--1958},
    volume = {15},
    keywords = {deep learning, model combination, neural networks, regularization}
}

@book{Hayashi2000Econometrics,
    title = {{Econometrics}},
    year = {2000},
    author = {Hayashi, Fumio},
    publisher = {Princeton University Press},
    isbn = {9780691010182}
}

@article{Xu2015EmpiricalNetwork,
    title = {{Empirical Evaluation of Rectified Activations in Convolutional Network}},
    year = {2015},
    journal = {CORR},
    author = {Xu, Bing and Wang, Naiyan and Chen, Tianqi and Li, Mu},
    month = {5},
    arxivId = {1505.00853}
}

@inproceedings{Clevert2015FastELUs,
    title = {{Fast and Accurate Deep Network Learning by Exponential Linear Units (ELUs)}},
    year = {2015},
    booktitle = {International Conference on Learning Representations},
    author = {Clevert, Djork-Arn√© and Unterthiner, Thomas and Hochreiter, Sepp},
    month = {11},
    publisher = {International Conference on Learning Representations},
    arxivId = {1511.07289}
}

@article{Hastie2007GeneralizedModels,
    title = {{Generalized Additive Models}},
    year = {2007},
    journal = {Statistical Science},
    author = {Hastie, Trevor and Tibshirani, Robert},
    number = {3},
    month = {12},
    pages = {314--318},
    volume = {1},
    publisher = {Institute of Mathematical Statistics},
    doi = {10.1214/ss/1177013609}
}

@article{Nelder1972GeneralizedModels,
    title = {{Generalized Linear Models}},
    year = {1972},
    journal = {Source: Journal of the Royal Statistical Society. Series A (General)},
    author = {Nelder, J A and Wedderburn, R W M},
    number = {3},
    pages = {370},
    volume = {135},
    keywords = {ANALYSIS OF VARIANCE, CONTINGENCY TABLES, EXPONENTIAL FAMILIES, INVERSE POLYNOMIALS, LINEAR MODELS, MAXIMUM LIKELIHOOD: QUANTAL RESPONSE, REGRESSION, VARIANCE COMPONENTS, WEIGHTED LEAST SQUARES}
}

@techreport{Nelder1972GeneralizedModelsb,
    title = {{Generalized Linear Models}},
    year = {1972},
    booktitle = {Source: Journal of the Royal Statistical Society. Series A (General)},
    author = {Nelder, J A and Wedderburn, R W M},
    number = {3},
    pages = {370},
    volume = {135},
    keywords = {ANALYSIS OF VARIANCE, CONTINGENCY TABLES, EXPONENTIAL FAMILIES, INVERSE POLYNOMIALS, LINEAR MODELS, MAXIMUM LIKELIHOOD: QUANTAL RESPONSE, REGRESSION, VARIANCE COMPONENTS, WEIGHTED LEAST SQUARES}
}

@techreport{Norton1989GeneratingTrees,
    title = {{Generating Better Decision Trees}},
    year = {1989},
    author = {Norton, Steven W},
    institution = {Siemens Corporate Research},
    doi = {10.1.1.81.904}
}

@inproceedings{Szegedy2015GoingConvolutions,
    title = {{Going deeper with convolutions}},
    year = {2015},
    booktitle = {Proceedings of the IEEE Computer Society Conference on Computer Vision and Pattern Recognition},
    author = {Szegedy, Christian and Liu, Wei and Jia, Yangqing and Sermanet, Pierre and Reed, Scott and Anguelov, Dragomir and Erhan, Dumitru and Vanhoucke, Vincent and Rabinovich, Andrew},
    isbn = {9781467369640},
    doi = {10.1109/CVPR.2015.7298594},
    issn = {10636919}
}

@article{Natekin2013GradientTutorial,
    title = {{Gradient boosting machines, a tutorial}},
    year = {2013},
    journal = {Frontiers in Neurorobotics},
    author = {Natekin, Alexey and Knoll, Alois},
    month = {12},
    pages = {21},
    volume = {7},
    publisher = {Frontiers},
    doi = {10.3389/fnbot.2013.00021},
    keywords = {Classification, boosting, gradient boosting, machine learning, regression, robotic control, text classification}
}

@article{Friedman2001GreedyMachine,
    title = {{Greedy function approximation: A gradient boosting machine}},
    year = {2001},
    journal = {Annals of Statistics},
    author = {Friedman, Jerome H.},
    issn = {00905364},
    keywords = {Boosting, Decision trees, Function estimation, Robust nonparametric regression}
}

@article{Olden2002IlluminatingNetworks,
    title = {{Illuminating the ‚Äúblack box‚Äù: a randomization approach for understanding variable contributions in artificial neural networks}},
    year = {2002},
    journal = {Ecological Modelling},
    author = {Olden, Julian D and Jackson, Donald A},
    number = {1-2},
    month = {8},
    pages = {135--150},
    volume = {154},
    publisher = {Elsevier},
    doi = {10.1016/S0304-3800(02)00064-9}
}

@article{Quinlan1986InductionTrees,
    title = {{Induction of decision trees}},
    year = {1986},
    journal = {Machine Learning},
    author = {Quinlan, J. R.},
    number = {1},
    month = {3},
    pages = {81--106},
    volume = {1},
    publisher = {Kluwer Academic Publishers},
    doi = {10.1007/BF00116251}
}

@book{Molnar2019InterpretableLearning,
    title = {{Interpretable Machine Learning}},
    year = {2019},
    author = {Molnar, Christoph},
    publisher = {Github},
    url = {christophm.github.io/interpretable-ml-book/}
}

@misc{Chollet2019Keras,
    title = {{Keras}},
    year = {2019},
    booktitle = {GitHub},
    author = {Chollet, Fran√ßois},
    url = {https://github.com/fchollet/keras}
}

@techreport{Rumelhart1985LearningPropagation,
    title = {{Learning Internal Representations by Error Propagation}},
    year = {1985},
    author = {Rumelhart, David E. and Hinton, Geoffrey E. and Williams, R. J.},
    institution = {Institute for Cognitive Science}
}

@article{Santosa1986LinearSeismograms,
    title = {{Linear Inversion of Band-Limited Reflection Seismograms}},
    year = {1986},
    journal = {SIAM Journal on Scientific and Statistical Computing},
    author = {Santosa, Fadil and Symes, William W.},
    number = {4},
    month = {10},
    pages = {1307--1330},
    volume = {7},
    publisher = {Society for Industrial and Applied Mathematics},
    doi = {10.1137/0907087},
    keywords = {35, 49, 65, 86, band-limited deconvolution, ill-posed problems, inverse problems, optimization, reflection seismology, regularization}
}

@article{Lagerquist2017MachineWind,
    title = {{Machine Learning for Real-Time Prediction of Damaging Straight-Line Convective Wind}},
    year = {2017},
    journal = {Weather and Forecasting},
    author = {Lagerquist, Ryan and McGovern, Amy and Smith, Travis},
    number = {6},
    month = {11},
    pages = {2175--2193},
    volume = {32},
    publisher = {American Meteorological Society},
    doi = {10.1175/waf-d-17-0038.1}
}

@inproceedings{Hara2016MakingInterpretable,
    title = {{Making Tree Ensembles Interpretable}},
    year = {2016},
    booktitle = {International Conference on Machine Learning},
    author = {Hara, Satoshi and Hayashi, Kohei},
    month = {6},
    publisher = {International Conference on Machine Learning},
    address = {New York},
    arxivId = {1606.05390}
}

@article{Belson1959MatchingClassification,
    title = {{Matching and Prediction on the Principle of Biological Classification}},
    year = {1959},
    journal = {Applied Statistics},
    author = {Belson, William A.},
    number = {2},
    month = {6},
    pages = {65},
    volume = {8},
    publisher = {WileyRoyal Statistical Society},
    doi = {10.2307/2985543}
}

@article{Cybenko1989MathematicsFunction,
    title = {{Mathematics of Control, Signals, and Systems Approximation by Superpositions of a Sigmoidal Function}},
    year = {1989},
    journal = {Math. Control Signals Systems},
    author = {Cybenko, George},
    pages = {303--314},
    volume = {2},
    keywords = {Approximation, Completeness, Neural networks}
}

@inproceedings{Booker2018MeioticSpeciation,
    title = {{Meiotic Inheritance and Gene Dominance in Synthetic Sympatric Speciation}},
    year = {2018},
    booktitle = {2018 IEEE Congress on Evolutionary Computation, CEC 2018 - Proceedings},
    author = {Booker, W. and Hougen, D.F.},
    number = {},
    volume = {},
    isbn = {9781509060177},
    doi = {10.1109/CEC.2018.8477761}
}

@article{Plumb2018ModelExplanations,
    title = {{Model Agnostic Supervised Local Explanations}},
    year = {2018},
    journal = {CoRR},
    author = {Plumb, Gregory and Molitor, Denali and Talwalkar, Ameet},
    month = {7},
    volume = {abs/1807.0},
    arxivId = {1807.02910}
}

@article{Fukushima1980Neocognitron:Position,
    title = {{Neocognitron: A Self-organizing Neural Network Model for a Mechanism of Pattern Recognition Unaffected by Shift in Position}},
    year = {1980},
    journal = {Biological Cybernetics},
    author = {Fukushima, Kunihiko},
    number = {4},
    pages = {193‚Äì202},
    volume = {36}
}

@inproceedings{Bahdanau2014NeuralTranslate,
    title = {{Neural Machine Translation by Jointly Learning to Align and Translate}},
    year = {2014},
    booktitle = {International Conference on Learning Representations},
    author = {Bahdanau, Dzmitry and Cho, Kyunghyun and Bengio, Yoshua},
    month = {9},
    publisher = {International Conference on Learning Representations},
    arxivId = {1409.0473}
}

@book{Nielsen2015NeuralLearning,
    title = {{Neural Networks and Deep Learning}},
    year = {2015},
    author = {Nielsen, Michael A.},
    publisher = {Determination Press},
    address = {San Francisco}
}

@inproceedings{Street2005NuclearDiagnosis,
    title = {{Nuclear feature extraction for breast tumor diagnosis}},
    year = {2005},
    booktitle = {Biomedical Image Processing and Biomedical Visualization},
    author = {Street, W. N. and Wolberg, W. H. and Mangasarian, O. L.},
    month = {1},
    pages = {861--870},
    volume = {1905},
    publisher = {SPIE},
    doi = {10.1117/12.148698}
}

@article{Kullback1951OnSufficiency,
    title = {{On Information and Sufficiency}},
    year = {1951},
    journal = {The Annals of Mathematical Statistics},
    author = {Kullback, S. and Leibler, R. A.},
    number = {1},
    month = {3},
    pages = {79--86},
    volume = {22},
    publisher = {Institute of Mathematical Statistics},
    doi = {10.1214/aoms/1177729694}
}

@book{Minsky1969PerceptronsGeometry,
    title = {{Perceptrons; an introduction to computational geometry}},
    year = {1969},
    author = {Minsky, Marvin and Papert, Seymour},
    publisher = {MIT Press},
    address = {Cambridge},
    isbn = {9780262130431}
}

@misc{Serven2018PyGAM:Python,
    title = {{pyGAM: Generalized Additive Models in Python}},
    year = {2018},
    booktitle = {Zenodo},
    author = {Serv{\'{e}}n, Daniel and Brummitt, Charlie},
    doi = {10.5281/zenodo.1208723}
}

@misc{Allaire2019RTensorFlow,
    title = {{R Interface to TensorFlow}},
    year = {2019},
    booktitle = {R},
    author = {Allaire, JJ},
    publisher = {Comprehensive R Archive Network (CRAN)},
    url = {cran.r-project.org/web/packages/tensorflow/index.html}
}

@inproceedings{Ho1995RandomForests,
    title = {{Random Decision Forests}},
    year = {1995},
    booktitle = {Proceedings of the 3rd International Conference on Document Analysis and Recognition},
    author = {Ho, Tin Kam},
    pages = {278--282},
    organization = {AT{\&}T Bell Laboratories},
    address = {Montreal, QC}
}

@article{Breiman2001RandomForests,
    title = {{Random Forests}},
    year = {2001},
    journal = {Machine Learning},
    author = {Breiman, Leo},
    number = {1},
    pages = {5--32},
    volume = {45},
    publisher = {Kluwer Academic Publishers},
    url = {http://link.springer.com/10.1023/A:1010933404324},
    doi = {10.1023/A:1010933404324},
    issn = {08856125}
}

@phdthesis{Davis2018Real-TimeDrones,
    title = {{Real-Time Gesture Recognition With Mini Drones}},
    year = {2018},
    author = {Davis, Taner B},
    school = {University of Oklahoma}
}

@article{Maas2013RectifierModels,
    title = {{Rectifier Nonlinearities Improve Neural Network Acoustic Models}},
    year = {2013},
    journal = {Proceedings of Machine Learning Research},
    author = {Maas, Andrew L and Hannun, Awni Y and Ng, Andrew Y},
    number = {1},
    pages = {3},
    volume = {30}
}

@article{Tibshirani1994RegressionLasso,
    title = {{Regression Shrinkage and Selection Via the Lasso}},
    year = {1994},
    journal = {Journal of the Royal Statistical Society, Series B},
    author = {Tibshirani, Robert},
    pages = {267--288},
    volume = {58}
}

@article{Galton1886RegressionStature.,
    title = {{Regression Towards Mediocrity in Hereditary Stature.}},
    year = {1886},
    journal = {The Journal of the Anthropological Institute of Great Britain and Ireland},
    author = {Galton, Francis},
    pages = {246},
    volume = {15},
    publisher = {Royal Anthropological Institute of Great Britain and Ireland},
    doi = {10.2307/2841583}
}

@article{Zou2005RegularizationNet,
    title = {{Regularization and variable selection via the elastic net}},
    year = {2005},
    journal = {Journal of the Royal Statistical Society},
    author = {Zou, Hui and Hastie, Trevor},
    number = {2},
    pages = {301--320},
    volume = {67},
    keywords = {Grouping effect, LARS algorithm, Lasso, Penalization, Variable selection, p n problem}
}

@article{Plumb2019RegularizingInterpretability,
    title = {{Regularizing Black-box Models for Improved Interpretability}},
    year = {2019},
    journal = {CoRR},
    author = {Plumb, Gregory and Al-Shedivat, Maruan and Xing, Eric and Talwalkar, Ameet},
    month = {2},
    volume = {abs/1902.0},
    arxivId = {1902.06787}
}

@article{Pedregosa2011Scikit-learn:Python,
    title = {{Scikit-learn: Machine Learning in Python}},
    year = {2011},
    journal = {J. Mach. Learn. Res.},
    author = {Pedregosa, Fabian and Varoquaux, Gael and Gramfort, Alexandre and {Et al.}},
    month = {11},
    pages = {2825--2830},
    volume = {12},
    publisher = {JMLR.org}
}

@article{Blanton2017SloanUniverse,
    title = {{Sloan Digital Sky Survey IV: Mapping the Milky Way, Nearby Galaxies, and the Distant Universe}},
    year = {2017},
    journal = {The Astronomical Journal},
    author = {Blanton, Michael R. and Bershady, Matthew A. and {et al.}},
    number = {1},
    month = {2},
    pages = {28--35},
    volume = {154},
    doi = {10.3847/1538-3881/aa7567},
    arxivId = {1703.00052},
    keywords = {Galaxy: general, cosmology: observations, galaxies: general, instrumentation: spectrographs, stars: general, surveys}
}

@article{Tikhonov1977SolutionsProblems,
    title = {{Solutions of Ill-Posed Problems}},
    year = {1977},
    journal = {SIAM Journal on Scientific and Statistical Computing},
    author = {Tikhonov, A. N. and Arsenin, V. Y.},
    number = {2},
    pages = {266--267},
    volume = {21},
    publisher = {Winston and Sons}
}

@inproceedings{Duch2000TaxonomyFunctions,
    title = {{Taxonomy of neural transfer functions}},
    year = {2000},
    booktitle = {IJCNN},
    author = {Duch, W. and Jankowski, N.},
    pages = {477--482},
    publisher = {IEEE},
    doi = {10.1109/ijcnn.2000.861353}
}

@article{Du2018TechniquesLearning,
    title = {{Techniques for Interpretable Machine Learning}},
    year = {2018},
    journal = {CoRR},
    author = {Du, Mengnan and Liu, Ninghao and Hu, Xia},
    month = {7},
    arxivId = {1808.00033}
}

@misc{Martin2015TensorFlowSystems,
    title = {{TensorFlow Large-Scale Machine Learning on Heterogeneous Systems}},
    year = {2015},
    booktitle = {Google},
    author = {Martin, Abadi and Ashish, Agarwal and Paul, Barham and Eugene, Brevdo and Zhifeng, Chen and {et al.}}
}

@misc{TensorFlow2019TensorFlow.js,
    title = {{TensorFlow.js}},
    year = {2019},
    booktitle = {Google},
    author = {{TensorFlow}},
    url = {https://www.tensorflow.org/js}
}

@article{Chisholm1968TheHumidity,
    title = {{The Diagnosis of Upper-Level Humidity}},
    year = {1968},
    journal = {Journal of Applied Meteorology},
    author = {Chisholm, Donald A. and Ball, John T. and Veigas, Keith W. and Luty, Paul V.},
    number = {4},
    month = {8},
    pages = {613--619},
    volume = {7},
    doi = {10.1175/1520-0450(1968)007<0613:TDOULH>2.0.CO;2}
}

@book{Hastie2009TheLearning,
    title = {{The Elements of Statistical Learning}},
    year = {2009},
    booktitle = {The Mathematical Intelligencer},
    author = {Hastie, T. and Tibshirani, R. and Friedman, J.},
    publisher = {Springer},
    isbn = {9780387848570},
    doi = {10.1007/b94608},
    pmid = {15512507}
}

@article{Fisher1936TheProblems,
    title = {{The Use of Multiple Measurements in Taxonomic Problems}},
    year = {1936},
    journal = {Annals of Eugenics},
    author = {Fisher, R. A.},
    number = {2},
    month = {9},
    pages = {179--188},
    volume = {7},
    publisher = {John Wiley {\&} Sons, Ltd (10.1111)},
    doi = {10.1111/j.1469-1809.1936.tb02137.x}
}

@misc{Forina1991UCISet,
    title = {{UCI Machine Learning Repository: Wine Data Set}},
    year = {1991},
    booktitle = {UCI Archive},
    author = {Forina, M},
    url = {archive.ics.uci.edu/ml/datasets/wine}
}

@inproceedings{Louppe2013UnderstandingTrees,
    title = {{Understanding variable importances in forests of randomized trees}},
    year = {2013},
    booktitle = {Advances in Neural Information Processing Systems},
    author = {Louppe, Gilles and Wehenkel, Louis and Sutera, Antonio and Geurts, Pierre},
    pages = {431--439},
    volume = {26},
    publisher = {Curran Associates, Inc.}
}

@article{McGovern2017UsingWeather,
    title = {{Using Artificial Intelligence to Improve Real-Time Decision-Making for High-Impact Weather}},
    year = {2017},
    journal = {Bulletin of the American Meteorological Society},
    author = {McGovern, Amy and Elmore, Kimberly L. and Gagne, David John and {et al.}},
    number = {10},
    month = {10},
    pages = {2073--2090},
    volume = {98},
    doi = {10.1175/BAMS-D-16-0123.1}
}

@incollection{Suarez2017WeightedRegression,
    title = {{Weighted Least-Squares Linear Regression}},
    year = {2017},
    booktitle = {Applications of Regression Models in Epidemiology},
    author = {Su{\'{a}}rez, Erick and P{\'{e}}rez, Cynthia M. and Rivera, Roberto and Mart{\'{i}}nez, Melissa N.},
    month = {2},
    pages = {117--128},
    publisher = {John Wiley {\&} Sons, Inc.},
    address = {Hoboken, NJ, USA},
    doi = {10.1002/9781119212515.ch8},
    keywords = {multiple linear regression model, ordinary least squares method, predictor variables, regression coefficients, variance homogeneity, weighted least squares method}
}

@article{Perry1997YersiniaPlague.,
    title = {{Yersinia pestis--etiologic agent of plague.}},
    year = {1997},
    journal = {Clinical microbiology reviews},
    author = {Perry, R D and Fetherston, J D},
    number = {1},
    month = {1},
    pages = {35--66},
    volume = {10},
    publisher = {American Society for Microbiology Journals},
    doi = {10.1128/CMR.10.1.35},
    pmid = {8993858}
}